@article{Nowak1990,
author = {Nowak, Martin and Sigmund, Karl},
title = {{The evolution of stochastic strategies in the Prisoner's Dilemma}},
url = {https://doi.org/10.1007/BF00049570},
year = {1990}
}

@misc{vince_knight_2017_1059026,
  author       = {Vince Knight and
                  Owen Campbell and
                  Marc Harper and
                  eric-s-s and
                  VSN Reddy Janga and
                  James Campbell and
                  Karol M. Langner and
                  Nikoleta and
                  Julie Rymer and
                  Thomas Campbell and
                  Jason Young and
                  MHakem and
                  Geraint Palmer and
                  Kristian Glass and
                  Denis Vlašiček and
                  edouardArgenson and
                  Daniel Mancia and
                  Martin Jones and
                  gaffney2010 and
                  Cameron Davidson-Pilon and
                  alajara and
                  Ranjini Das and
                  Marios Zoulias and
                  Aaron Kratz and
                  Timothy Standen and
                  Paul Slavin and
                  Adam Pohl and
                  Jochen Müller and
                  Georgios Koutsovoulos and
                  Areeb Ahmed},
  title        = {Axelrod-Python/Axelrod: v3.9.0},
  year         = 2017,
  doi          = {10.5281/zenodo.1059026},
  url          = {https://doi.org/10.5281/zenodo.1059026}
}
@article{sympy,
  title = {SymPy: symbolic computing in Python},
  author = {Meurer, Aaron and Smith, Christopher P. and Paprocki, Mateusz and \v{C}ert\'{i}k, Ond\v{r}ej and Kirpichev, Sergey B. and Rocklin, Matthew and Kumar, AMiT and Ivanov, Sergiu and Moore, Jason K. and Singh, Sartaj and Rathnayake, Thilina and Vig, Sean and Granger, Brian E. and Muller, Richard P. and Bonazzi, Francesco and Gupta, Harsh and Vats, Shivam and Johansson, Fredrik and Pedregosa, Fabian and Curry, Matthew J. and Terrel, Andy R. and Rou\v{c}ka, \v{S}t\v{e}p\'{a}n and Saboo, Ashutosh and Fernando, Isuru and Kulal, Sumith and Cimrman, Robert and Scopatz, Anthony},
  year = 2017,
  volume = 3,
  journal = {PeerJ Computer Science},
  issn = {2376-5992},
  url = {https://doi.org/10.7717/peerj-cs.103},
  doi = {10.7717/peerj-cs.103}
}

@article{walt2011numpy,
  title = {{The NumPy array: a structure for efficient numerical computation}},
  author = {Walt, St{\'e}fan van der and Colbert, S Chris and Varoquaux, Gael},
  journal = {Computing in Science \& Engineering},
  volume = {13},
  number = {2},
  pages = {22--30},
  year = {2011},
  publisher = {IEEE}
}